<?xml version='1.0' encoding='UTF-8'?>
<record xmlns="http://www.loc.gov/MARC21/slim">
  <leader>02672cam a2200337 a 4500</leader>
  <controlfield tag="001">2850640</controlfield>
  <controlfield tag="003">NjP</controlfield>
  <controlfield tag="005">20171020180615.0</controlfield>
  <controlfield tag="008">000331s1891    mr            000 0 ara d</controlfield>
  <datafield tag="024" ind1="7" ind2=" ">
    <subfield code="a">princeton_aco002751</subfield>
    <subfield code="2">local</subfield>
  </datafield>
  <datafield ind1=" " ind2=" " tag="035">
    <subfield code="a">(OCoLC)ocn178251125</subfield>
  </datafield>
  <datafield ind1=" " ind2=" " tag="040">
    <subfield code="a">NjP</subfield>
    <subfield code="c">PUL</subfield>
    <subfield code="d">PUL</subfield>
  </datafield>
  <datafield ind1=" " ind2=" " tag="035">
    <subfield code="a">(OCoLC)178251125</subfield>
  </datafield>
  <datafield ind1=" " ind2=" " tag="035">
    <subfield code="9">CNT6229TS</subfield>
  </datafield>
  <datafield ind1=" " ind2=" " tag="035">
    <subfield code="a">(NjP)2850640</subfield>
  </datafield>
  <datafield ind1=" " ind2=" " tag="079">
    <subfield code="a">ocm84947988</subfield>
  </datafield>
  <datafield ind1=" " ind2=" " tag="049">
    <subfield code="a">PULL</subfield>
  </datafield>
  <datafield ind1="1" ind2=" " tag="100">
    <subfield code="6">880-01</subfield>
    <subfield code="a">Gannūn, Muḥammad al-Tihāmī.</subfield>
  </datafield>
  <datafield ind1="1" ind2="0" tag="245">
    <subfield code="6">880-02</subfield>
    <subfield code="a">Hidāyat al-muḥibb al-mushtāq al-mustahamm li-ruʼyah man athná ʻalayhi al-malik al-khallāq fī al-manām ʻalayhi afḍal al-ṣalāh wa-azká al-salām /</subfield>
    <subfield code="c">Muḥammad al-Tihāmī ibn al-Madanī ibn ʻAlī Kannūn.</subfield>
  </datafield>
  <datafield ind1=" " ind2=" " tag="260">
    <subfield code="a">[Morocco :</subfield>
    <subfield code="b">s.n.],</subfield>
    <subfield code="c">1309 [1891]</subfield>
  </datafield>
  <datafield ind1=" " ind2=" " tag="300">
    <subfield code="a">8,8 p. ;</subfield>
    <subfield code="c">24 cm.</subfield>
  </datafield>
  <datafield ind1=" " ind2=" " tag="590">
    <subfield code="6">880-03</subfield>
    <subfield code="a">With: Shamāʼil. [Fès] : al-Maṭbaʻah al-Fāsīyah, 1310 [1893] -- Taqyīd ʻalá khatm Khalīl / li-Sayyidinā ʻAbd al-Malik ibn Muḥammad al-Sharīf al-ʻAlawī al-Ḥasanī al-Madgharī. [Morocco : s.n., 190-?] -- Jawāhir al-manẓūmah fī sharḥ al-Manẓūmah / lil-ʻAllāmah al-Tihāmī ibn al-Madanī Gannūn. [Morocco : s.n.], 1311 [1894]. Bound together subsequent to publication.</subfield>
  </datafield>
  <datafield ind1=" " ind2=" " tag="590">
    <subfield code="a">With: Shamāʾil. [Fès] : al-Maṭbaʻah al-Fāsīyah, 1310 [1893] -- Taqyīd ʻalá khatm Khalīl / li-Sayyidinā ʻAbd al-Malik ibn Muḥammad al-Sharīf al-ʻAlawī al-Ḥasanī al-Madgharī. [Morocco : s.n., 190-?] -- Jawāhir al-manẓūmah fī sharḥ al-Manẓūmah / lil-ʻAllāmah al-Tihāmī ibn al-Madanī Gannūn. [Morocco : s.n.], 1311 [1894]. Bound together subsequent to publication.</subfield>
  </datafield>
  <datafield ind1="0" ind2="0" tag="600">
    <subfield code="a">Muḥammad,</subfield>
    <subfield code="c">Prophet,</subfield>
    <subfield code="d">d. 632.</subfield>
    <subfield code="0">http://id.loc.gov/authorities/names/n79130881</subfield>
  </datafield>
  <datafield ind1=" " ind2="7" tag="655">
    <subfield code="a">Lithographs</subfield>
    <subfield code="z">Morocco</subfield>
    <subfield code="y">1891</subfield>
    <subfield code="2">gmgpc</subfield>
  </datafield>
  <datafield ind1="1" ind2=" " tag="880">
    <subfield code="6">100-01/r</subfield>
    <subfield code="a">گنون، محمد التهامي.</subfield>
  </datafield>
  <datafield ind1="1" ind2="0" tag="880">
    <subfield code="6">245-02/r</subfield>
    <subfield code="a">هداية المحب المشتاق المستهم لرؤية من اثنى عليه الملك الخلاق في المنام عليه افضل الصلاة وازكى السلام /</subfield>
    <subfield code="c">محمد التهامي بن المدني بن علي كنون.</subfield>
  </datafield>
  <datafield ind1=" " ind2=" " tag="880">
    <subfield code="6">590-03/r</subfield>
    <subfield code="a">With: شمائل. [فáس] : المطبعة الفاسية، 1310 [1893] تقييد على ختم خليل / لسيدنا عبد الملك بن محمد الشريف العلوي الحسني المدغري. [مر : س.ن.، 190-؟] جواهر المنظومة في شرح المنظومة / للعلامة التهامي بن المدني گنون. [مر : s.n.]، 1311 [1894]. بند تگثر سبسقنت ت پبلتن.</subfield>
  </datafield>
  <datafield ind1=" " ind2=" " tag="948">
    <subfield code="a">jeb</subfield>
  </datafield>
  <datafield ind1=" " ind2=" " tag="911">
    <subfield code="a">20000331</subfield>
  </datafield>
  <datafield ind1=" " ind2=" " tag="912">
    <subfield code="a">20000331051132.0</subfield>
  </datafield>
  <datafield ind1=" " ind2=" " tag="994">
    <subfield code="a">C0</subfield>
    <subfield code="b">PUL</subfield>
  </datafield>
  <datafield ind1=" " ind2=" " tag="999">
    <subfield code="a">2850640</subfield>
  </datafield>
  <datafield ind1="0" ind2="0" tag="852">
    <subfield code="0">3163796</subfield>
    <subfield code="b">rcppa</subfield>
    <subfield code="t">1</subfield>
    <subfield code="h">BP75.2</subfield>
    <subfield code="i">.G366 1891</subfield>
    <subfield code="x">tr fr arab</subfield>
  </datafield>
  <datafield ind1=" " ind2=" " tag="959">
    <subfield code="a">2000-06-13 00:00:00 -0500</subfield>
  </datafield>
</record>
